<?xml version="1.0" encoding="UTF-8"?><collection xmlns="http://www.loc.gov/MARC21/slim"><record><leader>00321nam--2200121-i-4500</leader><controlfield tag="001">000004309</controlfield><controlfield tag="002">20161230</controlfield><controlfield tag="005">20161230201025</controlfield><controlfield tag="008">060222s1000------------r-----000-0-eng-d</controlfield><datafield ind1=" " ind2=" " tag="080"><subfield code="a">541.1(082.1)</subfield></datafield><datafield ind1=" " ind2=" " tag="245"><subfield code="a">Annual review of physical chemistry</subfield></datafield><datafield ind1=" " ind2=" " tag="260"><subfield code="a">Palo Alto, California, Annual Reviews Inc. 1950-1980</subfield></datafield><datafield ind1=" " ind2=" " tag="852"><subfield code="a">12768</subfield></datafield></record></collection>